
@article{gu:rose:1993,
	Author = {Gu, X.S. and Rosenbaum, Paul R.},
	Journal = {Journal of Computational and Graphical Statistics},
	Number = {4},
	Pages = {405--420},
	Title = {Comparison of Multivariate Matching Methods: Structures, Distances, and Algorithms},
	Volume = {2},
	Year = {1993}}

@article{hansen:2004,
	Author = {Hansen, Ben B.},
	Journal = {Journal of the American Statistical Association},
	Month = {September},
	Number = {467},
	Pages = {609--618},
	Title = {Full matching in an observational study of coaching for the {SAT}},
	Volume = {99},
	Year = {2004}}


@article{rosenbaum:1991a,
	Author = {Rosenbaum, Paul R.},
	Journal = {Journal of the Royal Statistical Society},
	Pages = {597- 610},
	Series = {B, Methodological},
	Title = {A Characterization of Optimal Designs for Observational Studies},
	Volume = {53},
	Year = {1991}}

@book{rosenbaum:2002,
	Author = {Rosenbaum, Paul R.},
	Edition = {Second},
	Publisher = {Springer-Verlag},
	Title = {Observational Studies},
	Year = {2002}}

@techreport{hansen:klopfer:2005,
	Author = {Hansen, Ben B. and Klopfer, Stephanie Olsen},
	Keywords = {matched sampling, minimum cost flow, nonrandom treatment assignment, observational study, quasiexperiment, subclassification},
	Local-Url = {~/Private/projects/fmalgorithms/fma20Oct.pdf},
	Month = {March},
        Institution = {Statistics Department, University of Michigan},
	Number = {416},
	Title = {Optimal full matching and related designs via network flows},
	Year = {2005}}
